@article{cnrs,
  author={Léa Galanopoulo},
  title={Article "Guérir le vertige grâce à la réalité virtuelle"},
  journal={CNRS Le journal},
  month={Août},
  year={2014},
  note={https://lejournal.cnrs.fr/articles/guerir-le-vertige-grace-a-la-realite-virtuelle}
}


@misc {etude,
author={Daniel MESTRE},
title={Projet "Contrôle du stress par cyberthérapie"},
month={Mars},
year={2015},
note={$http://www.cnrs.fr/mi/IMG/pdf/itmm_pres_17_mars_mestre.pdf$}
}

@misc {CardBoard,
author={Google},
title={Page du site des Google CardBoard pour le montage},
month={},
year={},
note={https://www.google.com/get/cardboard/get-cardboard/}
}

@misc {SDKKinectv1,
author={Microsoft},
title={Page web contenant des informations sur chaque version du SDK},
month={},
year={},
note={https://msdn.microsoft.com/en-us/library/jj663803.aspx}
}

@misc {PrerequisKinectv1,
author={Microsoft},
title={Page web contenant les pré-requis pour le Kinect v1},
month={},
year={},
note={https://msdn.microsoft.com/en-us/library/hh855359.aspx}
}

@misc {SocketIOCSharp,
author={joeandaverde},
title={Dépôt git de joeandaverde sur lequel se trouve socket.io-csharp-client},
month={},
year={2012},
note={https://github.com/joeandaverde/socket.io-csharp-client}
}

@misc {SocketIO,
author={Socket.io},
title={Site internet de Socket.io},
month={},
year={2012},
note={http://socket.io/}
}

@misc {WebSocket4Net,
author={kerryjiang},
title={Dépôt git de kerryjiang sur lequel se trouve WebSocket4Net},
month={},
year={},
note={https://github.com/kerryjiang/WebSocket4Net}
}

@misc {NodeKinect,
author={nguyer},
title={Dépôt git de nguyer sur lequel se trouve Node Kinect},
month={},
year={},
note={https://github.com/nguyer/node-kinect}
}

@misc {libusb,
author={GNU Operating System},
title={Librairie C permettant de communiquer avec les périphériques USB},
month={},
year={},
note={http://www.libusb.org/}
}

@misc {libfreenect,
author={OpenKinect},
title={Dépôt git de OpenKinect sur lequel se trouve Libfreenect},
month={},
year={},
note={https://github.com/OpenKinect/libfreenect}
}

@misc {OpenKinect,
author={OpenKinect},
title={Site de OpenKinect},
month={},
year={},
note={$http://openkinect.org/wiki$}
}

@misc {KinectHTML5,
author={Vangos Pterneas},
title={Dépôt git de Vangos Pterneas contenant KinectHTML5},
month={},
year={},
note={https://github.com/Vangos/KinectHtml5}
}

@misc {NodesX3DOM,
author={X3DOM},
title={Liste de tout les nodes possibles sur X3DOM},
month={},
year={},
note={http://doc.x3dom.org/author/nodes.html}
}

@misc {atan2,
author={Wikipédia},
title={Page wikipédia expliquant atan2},
month={},
year={},
note={https://fr.wikipedia.org/wiki/Atan2}
}

@misc {spotlight,
author={Google},
title={Application Spotlight Stories},
month={},
year={},
note={https://play.google.com/store/apps/details?id=com.google.android.spotlightstories}
}

@misc {androidCardboard,
author={Google},
title={Application CardBoard},
month={},
year={},
%note={https://play.google.com/store/apps/details?id=com.google.samples.apps.cardboarddemo}
}

@misc {stereoscopie,
author={Wikiédia},
title={Description de la stéréoscopie},
month={},
year={},
note={https://fr.wikipedia.org/wiki/St%C3%A9r%C3%A9oscopie}
}


@misc {jointOrientation,
author={Microsoft},
title={Description de l'orientation des points du squelette },
month={},
year={},
note={https://msdn.microsoft.com/en-us/library/hh973073.aspx}
}

@misc {matrice,
author={Wikipédia},
title={Description des matrices de rotations},
month={},
year={},
note={$https://fr.wikipedia.org/wiki/Matrice_de_rotation$}
}

@misc {quaternion,
author={Wikipédia},
title={Description des quaternions pour la rotation dans l'espace},
month={},
year={},
note={$https://fr.wikipedia.org/wiki/Quaternions_et_rotation_dans_l'espace$}
}

@misc {websocket,
author={Wikipédia},
title={Page wikipédia sur les WebSockets},
month={},
year={},
note={https://fr.wikipedia.org/wiki/WebSocket}
}

@misc {MeteorJS,
author={Communauté MeteorJS},
title={Page Web de MeteorJS},
month={},
year={},
note={https://www.meteor.com/}
}

@misc {NodeJS,
author={Communauté NodeJS},
title={Page Web de NodeJS},
month={},
year={},
note={https://nodejs.org/}
}

@misc {X3DOM,
author={Communauté X3DOM},
title={Page Web de X3DOM},
month={},
year={},
note={http://www.x3dom.org/}
}

@misc {X3D,
author={Wikipédia},
title={Page wikipédia sur X3D (Extensible 3D)},
month={},
year={},
note={$https://fr.wikipedia.org/wiki/Extensible_3D$}
}

@misc {DOM,
author={Wikipédia},
title={Page wikipédia sur DOM (Document Objet Model)},
month={},
year={},
note={$https://fr.wikipedia.org/wiki/Document_Object_Model$}
}

@misc {json,
author={json},
title={Site internet de json},
month={},
year={},
note={http://json.org}
}

@misc {acrophobie,
author={Wikipédia},
title={Page wikipédia sur l'acrophobie (la peur du vide)},
month={},
year={},
note={https://fr.wikipedia.org/wiki/Acrophobie}
}

@misc {webhook,
author={Wikipédia},
title={Page wikipédia sur WebHook},
month={},
year={},
note={https://en.wikipedia.org/wiki/Webhook}
}

@misc {SeriousGame,
author={Wikipédia},
title={Page wikipédia sur les Serious Games},
month={},
year={},
note={$https://en.wikipedia.org/wiki/Serious_game$}
}

@misc {LudoMedic,
author={LudoMedic},
title={Plateforme médicale vidéoludique (Serious Game)},
month={},
year={},
note={http://www.ludomedic.com/}
}

@misc {cccp,
author={CCCP},
title={CCCP, Développeur de serious games et jeux vidéo},
month={},
year={},
note={http://cccp.fr/}
}









